<record xmlns="http://www.loc.gov/MARC21/slim" xmlns:xsi="http://www.w3.org/2001/XMLSchema-instance" xsi:schemaLocation="http://www.loc.gov/MARC21/slim http://www.loc.gov/standards/marcxml/schema/MARC21slim.xsd"><leader>01875nam a2200385   4500</leader><controlfield tag="001">001680185</controlfield><controlfield tag="003">NNU</controlfield><controlfield tag="006">m        d        </controlfield><controlfield tag="007">cr cn |||m|||a</controlfield><controlfield tag="008">150223s197u    iq fh   o     000 0 arard</controlfield><datafield ind1=" " ind2=" " tag="040"><subfield code="a">NNU</subfield><subfield code="b">eng</subfield><subfield code="e">rda</subfield><subfield code="c">NNU</subfield></datafield><datafield ind1=" " ind2="4" tag="050"><subfield code="a">PJ7631</subfield><subfield code="b">.A8 1970</subfield></datafield><datafield ind1=" " ind2="4" tag="050"><subfield code="a">PJ7750</subfield><subfield code="b">.A83 D5 1971</subfield></datafield><datafield ind1="1" ind2=" " tag="100"><subfield code="6">880-01</subfield><subfield code="a">&#699;Askari&#772;, Abu&#772; Hila&#772;l al-H&#803;asan ibn &#699;Abd Alla&#772;h.</subfield></datafield><datafield ind1="1" ind2="0" tag="245"><subfield code="6">880-02</subfield><subfield code="a">Di&#772;wa&#772;n al-ma&#699;a&#772;ni&#772; /</subfield><subfield code="c">li-Abi&#772; Hila&#772;l al-&#699;Askari&#772;.</subfield></datafield><datafield ind1=" " ind2=" " tag="260"><subfield code="6">880-03</subfield><subfield code="a">[Baghda&#772;d] :</subfield><subfield code="b">Maktabat al-Andalus,</subfield><subfield code="c">[197-?]</subfield></datafield><datafield ind1=" " ind2=" " tag="300"><subfield code="a">online resource (2 volumes in 1) :</subfield><subfield code="b">facsimiles</subfield></datafield><datafield ind1=" " ind2=" " tag="336"><subfield code="a">text</subfield><subfield code="2">rdacontent</subfield></datafield><datafield ind1=" " ind2=" " tag="337"><subfield code="a">computer</subfield><subfield code="2">rdamedia</subfield></datafield><datafield ind1=" " ind2=" " tag="338"><subfield code="a">online resource</subfield><subfield code="2">rdacarrier</subfield></datafield><datafield ind1=" " ind2=" " tag="500"><subfield code="a">Reprint of Cairo, 1933-34 ed. published by Maktabat al-Quds.</subfield></datafield><datafield ind1=" " ind2=" " tag="500"><subfield code="a">Part of the Arabic Collections Online (ACO) project, contributed by New York Univeristy Libraries.</subfield></datafield><datafield ind1=" " ind2=" " tag="533"><subfield code="a">Electronic reproduction.</subfield><subfield code="b">New York, N.Y. :</subfield><subfield code="c">New York University,</subfield><subfield code="d">2015.</subfield><subfield code="5">NNU</subfield></datafield><datafield ind1=" " ind2="0" tag="650"><subfield code="a">Arabic poetry.</subfield></datafield><datafield ind1=" " ind2="7" tag="650"><subfield code="a">Arabic poetry.</subfield><subfield code="2">fast</subfield><subfield code="0">(OCoLC)fst00812533</subfield></datafield><datafield ind1="2" ind2=" " tag="710"><subfield code="a">New York University.</subfield><subfield code="b">Libraries.</subfield></datafield><datafield ind1="0" ind2=" " tag="730"><subfield code="a">Arabic Collections Online.</subfield></datafield><datafield ind1="0" ind2="8" tag="776"><subfield code="i">Online version:</subfield><subfield code="a">&#699;Askari&#772;, Abu&#772; Hila&#772;l al-H&#803;asan ibn &#699;Abd Alla&#772;h.</subfield><subfield code="t">Di&#772;wa&#772;n al-ma&#699;a&#772;ni&#772;.</subfield><subfield code="d">[Baghdad] : Maktabat al-Andalus, [197-?]</subfield><subfield code="w">(OCoLC)582557198</subfield></datafield><datafield ind1="0" ind2="8" tag="776"><subfield code="i">Print version:</subfield><subfield code="a">&#699;Askari&#772;, Abu&#772; Hila&#772;l al-H&#803;asan ibn &#699;Abd Alla&#772;h.</subfield><subfield code="t">Di&#772;wa&#772;n al-ma&#699;a&#772;ni&#772;</subfield><subfield code="w">(NNU)001680185</subfield></datafield><datafield ind1="4" ind2="0" tag="856"><subfield code="u">http://hdl.handle.net/2333.1/msbcc4vh</subfield></datafield><datafield ind1="1" ind2=" " tag="880"><subfield code="6">100-01/</subfield><subfield code="a">&#1593;&#1587;&#1603;&#1585;&#1610;&#1548; &#1571;&#1576;&#1608; &#1607;&#1604;&#1575;&#1604; &#1575;&#1604;&#1581;&#1587;&#1606; &#1576;&#1606; &#1593;&#1576;&#1583; &#1575;&#1604;&#1604;&#1607;.</subfield></datafield><datafield ind1="1" ind2="0" tag="880"><subfield code="6">245-02/</subfield><subfield code="a">&#1583;&#1610;&#1608;&#1575;&#1606; &#1575;&#1604;&#1605;&#1593;&#1575;&#1606;&#1610; /</subfield><subfield code="c">&#1604;&#1571;&#1576;&#1610; &#1607;&#1604;&#1575;&#1604; &#1575;&#1604;&#1593;&#1587;&#1603;&#1585;&#1610;.</subfield></datafield><datafield ind1=" " ind2=" " tag="880"><subfield code="6">260-03/</subfield><subfield code="a">[&#1576;&#1594;&#1583;&#1575;&#1583;] :</subfield><subfield code="b">&#1605;&#1603;&#1578;&#1576;&#1577; &#1575;&#1604;&#1575;&#1606;&#1583;&#1604;&#1587;&#1548;</subfield><subfield code="c">[197-?]</subfield></datafield><datafield ind1=" " ind2=" " tag="959"><subfield code="a">NNU</subfield><subfield code="b">WEB</subfield><subfield code="c">GENI</subfield><subfield code="t">0</subfield><subfield code="m">Electronic access</subfield><subfield code="s">01</subfield></datafield><datafield ind1=" " ind2=" " tag="999"><subfield code="i">NNU_001680185</subfield><subfield code="s">nyu_aco000083:v.1/2</subfield></datafield></record>